
\begin{comment}
Aqui temos um exemplo de referências bibliográficas. Para mais exemplos, acesse
https://en.wikibooks.org/wiki/LaTeX/Bibliography_Management#BibTeX
\end{comment}

@online{Overleaf,
  author = {},
  title = {{LaTeX Documentation}},
  url = {https://pt.overleaf.com/learn},
  urldate = {2022-06-17}
}

@online{Julia_Operadores,
  author = {},
  title = {{Operadores Matemáticos}},
  url = {https://julia-doc-pt-br.readthedocs.io/en/latest/manual/mathematical-operations.html},
  urldate = {2022-06-17}
}

@online{Julia_Introducao,
  author = {},
  title = {{Linguagem de Programação Matemática - Introdução à Julia}},
  url = {https://abelsiqueira.github.io/calculo-numerico/intro-a-julia/},
  urldate = {2022-06-17}
}

@online{Julia_Data_Frame,
  author = {},
  title = {{Working with Data Frames}},
  url = {https://dataframes.juliadata.org/stable/man/working_with_dataframes/},
  urldate = {2022-06-17}
}

@online{Julia_arrays,
  author = {},
  title = {{Arrays with custom indices}},
  url = {https://docs.julialang.org/en/v1/devdocs/offset-arrays/},
  urldate = {2022-06-17}
}

@online{Julia_funcoes,
  author = {},
  title = {{Functions}},
  url = {https://docs.juliahub.com/SpecialFunctions/78gOt/1.0.0/functions_overview/},
  urldate = {2022-06-17}
}

@online{Matplotlib,
  author = {},
  title = {{Matplotlib: Visualization with Python}},
  url = {https://matplotlib.org/},
  urldate = {2022-06-10}
}

@online{Deploy,
  author = {Damian Boh},
  title = {{3 Easy Ways to Deploy your Streamlit Web App Online}},
  url = {https://towardsdatascience.com/3-easy-ways-to-deploy-your-streamlit-web-app-online-7c88bb1024b1},
  urldate = {2022-06-16}
}

@online{Stcolumns,
  author = {},
  title = {{st.columns}},
  url = {https://docs.streamlit.io/library/api-reference/layout/st.columns},
  urldate = {2022-06-16}
}

@online{Stvideo,
  author = {},
  title = {{st.video}},
  url = {https://docs.streamlit.io/library/api-reference/media/st.video},
  urldate = {2022-06-16}
}

@online{Ar,
  author = {Rafael K},
  title = {{Streamlit101: o básico para colocar seu projeto no ar}},
  url = {https://rknagao.medium.com/streamlit-101-o-b\%C3\%A1sico-para-colocar-seu-projeto-no-ar-38a71bd641eb},
  urldate = {2022-06-16}
}

@online{API,
  author = {},
  title = {{API reference}},
  url = {https://docs.streamlit.io/library/api-reference},
  urldate = {2022-06-16}
}

@online{Stlatex,
  author = {},
  title = {{st.latex}},
  url = {https://docs.streamlit.io/library/api-reference/text/st.latex},
  urldate = {2022-06-16}
}

@online{Cplusplus,
  author = {},
  title = {{Cplusplus}},
  url = {https://cplusplus.com/},
  urldate = {2022-06-17}
}
